
@InCollection{buja:1988,
  author  = {Buja, A. and Asimov, D. and Hurley, C. and
            McDonald, J. A.},
  title   = {{E}lements of a {V}iewing {P}ipeline for {D}ata {A}nalysis},
  booktitle={Dynamic Graphics for Statistics},
  keywords= {pipeline},
  publisher={Wadsworth, Inc.},
  year    = {1988}
}

@Article{buja:2009,
  author  = {Buja, A. and Cook, D. and Hofmann, H. and Lawrence,
            M. and Lee, E. and Swayne, D. and Wickham,
            H.},
  title   = {{S}tatistical {I}nference for {E}xploratory {D}ata {A}nalysis and {M}odel {D}iagnostics},
  journal = {Royal Society Philosophical Transactions A},
  number  = {1906},
  pages   = {4361-4383},
  volume  = {367},
  year    = {2009}
}

@Article{cleveland:1984,
  author  = {Cleveland, W. and McGill, R.},
  title   = {{G}raphical {P}erception: {T}heory, {E}xperimentation and {A}pplication to
            the {D}evelopment of {G}raphical {M}ethods.},
  journal = {Journal of the American Statistical Association},
  keywords= {perception},
  number  = 387,
  pages   = {531-554},
  volume  = 79,
  year    = 1984
}

@Book{hald:2004,
  author  = {Hald, A.},
  title   = {{A} {H}istory of {P}arametric {S}tatistical {I}nference from {B}ernoulli to {F}isher, 1713 to 1935},
  address = {DK-2100 Copenhagen},
  publisher={ISBN 87-7834-628-2},
  year    = 2004
}

@Book{daniel:1976,
  author  = {Daniel, C.},
  title   = {{A}pplications of {S}tatistics to {I}ndustrial {E}xperimentation},
  address = {Hoboken, NJ},
  publisher={Wiley-Interscience},
  year    = 1976
}

@Book{davison:1997,
  author  = {Davison, A.~C. and Hinkley, D.~V.},
  title   = {{B}ootstrap {M}ethods and their {A}pplications},
  address = {Cambridge, UK},
  publisher={Cambridge University Press},
  year    = 1997
}

@InCollection{diaconis:1983a,
  author  = {Diaconis, P.},
  title   = {{T}heories of {D}ata {A}nalysis: {F}rom {M}agical {T}hinking {T}hrough
            {C}lassical {S}tatistics},
  address = {New York},
  booktitle={Exploring Data Tables, Trends and Shapes},
  editor  = {Hoaglin, D. and Mosteller, F. and Tukey, J.},
  pages   = {1--36},
  publisher={Wiley},
  year    = 1983
}

@Article{ham:2009,
  author  = {van Ham, F. and Wattenberg, M. and Viegas, F.},
  title   = {{M}apping {T}ext with {P}hrase {N}ets},
  address = {Los Alamitos, CA, USA},
  doi     = {http://doi.ieeecomputersociety.org/10.1109/TVCG.2009.165},
  issn    = {1077-2626},
  journal = {IEEE Transactions on Visualization and Computer Graphics},
  pages   = {1169-1176},
  publisher={IEEE Computer Society},
  volume  = {15},
  year    = {2009}
}

@misc{healey:2009,
  author  = {Healey, C.},
  title   = {{P}erception in {V}isualisation},
  lastchecked={May 11, 2009},
  url     = {http://www.csc.ncsu.edu/faculty/healey/PP/ index.html},
  year    = {2009}
}

@Article{langsrud:2005,
  author  = {Langsrud, {\O}.},
  title   = {{R}otation {T}ests},
  address = {Hingham, MA, USA},
  issn    = {0960-3174},
  journal = {Statistics and Computing},
  number  = {1},
  pages   = {53--60},
  publisher={Kluwer Academic Publishers},
  volume  = {15},
  year    = {2005}
}

@Article{scott:1954,
  author  = {Scott, E. L. and Shane, C. D. and Swanson, M. D.},
  title   = {{C}omparison of the {S}ynthetic and {A}ctual {D}istribution of {G}alaxies
            on a {P}hotographic {P}late},
  journal = {Astrophysical Journal},
  keywords= {inference},
  month   = jan,
  pages   = {91--112},
  volume  = 119,
  year    = 1954
}
@Book{wilkinson:1999,
  author  = {Wilkinson, L.},
  title   = {{T}he {G}rammar of {G}raphics},
  address = {New York},
  publisher={NY: Springer},
  year    = 1999
}

@Article{wilkinson:2009,
  author  = {Wilkinson, L. and Friendly, M.},
  title   = {{T}he {H}istory of the {C}luster {H}eat {M}ap},
  doi     = {10.1198/tas.2009.0033},
  journal = {The American Statistician},
  keywords= {heatmap},
  number  = {2},
  pages   = {179-184},
  volume  = {63},
  year    = {2009}
}

@Article{wolfe:2010,
  author  = {Wolfe, J. and Wert, M.},
  title   = {{V}arying {T}arget {P}revalence {R}eveals {T}wo {D}issociable {D}ecision
            {C}riteria in {V}isual {S}earch},
  journal = {Current Biology},
  number  = {2},
  pages   = {121--124},
  volume  = {20},
  year    = {2010}
}

@Article{pitman:1937a,
  author = {Pitman, E.~J.~G.},
  year = {1937},
  title = {{S}ignificance {T}ests Which May Be Applied To {S}amples From Any {P}opulations},
  journal = {The Journal of the Royal Statistical Society},
  volume = {4},
  pages = {119--130},
  notes = {Supplement to}
}

@book{Good05,Author="Good, P.",Year="2005",
  title={{P}ermutation, {P}arametric, and {B}ootstrap {T}ests of {H}ypotheses},
  Publisher="Springer",Address="New York"}

@article{Manyeyes:2007,
  Author={Vi{\`e}gas, F. and Wattenberg, M. and van Ham, F. and Kriss, J. and McKeon, M},
  Year=2007,
  Title={ManyEyes: A Site for Visualization at Internet Scale},
  url="http://manyeyes.alphaworks.ibm.com/manyeyes/",
  journal={Transactions on Visualization and Computer Graphics},
  volume={13},
  numer={6},
  pages={1121--1128}}

@book{hadley:2009,
	Author = {Wickham, H.},
	Date-Added = {2009-02-23 14:56:38 -0600},
	Date-Modified = {2009-02-23 14:57:38 -0600},
	Publisher = {Springer},
	Series = {{useR}},
	Title = {ggplot2: {E}legant {G}raphics for {D}ata {A}nalysis},
	Year = {2009}}

@Misc{turk,
  author  = "Amazon",
  title   = "Mechanical {T}urk",
  year    = 2010,
  url     = "http://aws.amazon.com/mturk/"
}

@Misc{friendly:2001,
  author  = "Friendly, M. and Denis, D. J.",
  title   = "Milestones in the history of thematic cartography, statistical graphics, and data visualization. (last Accessed: April 27, 2011)",
  year    = 2001,
  url     = "http://datavis.ca/milestones/"
}

@Misc{viegas:2008,
  author  = "Viègas, F. and Wattenberg, M.",
  title   = "Fleshmap Studies of Desire",
  year    = 2008,
  url     = "http://fernandaviegas.com/fleshmap.html"
}


@MISC{WC08,Author="Wickham, H. and Cook, D.",Year=2010, Title="{\tt tourr}:
{I}mplements {T}our {M}ethods in {P}ure {R} {C}ode", HowPublished="{\tt
http://www.R-project.org}"}

@article{STLBC03, author = "Swayne, D. and Temple Lang, D.
  and Buja, A. and Cook, D.", title = "{GG}obi: {E}volving from
  {XG}obi into an {E}xtensible {F}ramework for {I}nteractive {D}ata
  {V}isualization", journal = "Computational Statistics \& Data
  Analysis", volume = 43, year = 2003, pages = "423--444", 
  Note={See also {\tt http://www.ggobi.org}} }

@inproceedings{SCB91, author = "Swayne, D. and Cook, D. and
    Buja, A.", title = "{XG}obi: {I}nteractive {D}ynamic
    {G}raphics in the {X} {W}indow {S}ystem with a {L}ink to {S}",
    booktitle = "American Statistical Association 1991 Proceedings of
    the Section on Statistical Graphics", pages = "1--8", publisher =
    "American Statistical Association", address = "Alexandria, VA",
    year = 1992 }

@BOOK{JW02,Author="Johnson, R. A. and Wichern, D. W.",Year=2002,
Title= "Applied Multivariate Statistical Analysis (5th ed)",
Publisher="Prentice-Hall", Address="Englewood Cliffs, NJ"}


@article{fernholz03,
     jstor_articletype = {news},
     title = {Remembering {J}ohn {W}. {T}ukey},
     author = {Fernholz, L.},
     journal = {Statistical Science},
     jstor_issuetitle = {},
     volume = {18},
     number = {3},
     jstor_formatteddate = {Aug., 2003},
     pages = {pp. 336-340},
     url = {http://www.jstor.org/stable/3182751},
     ISSN = {08834237},
     abstract = {},
     language = {English},
     year = {2003},
     publisher = {Institute of Mathematical Statistics},
     copyright = {Copyright � 2003 Institute of Mathematical Statistics},
    }



@Article{gelman:2004,
  author  = {Gelman, A.},
  journal = {Journal of Computational and Graphical Statistics},
  keywords= {inference},
  number  = {4},
  pages   = {755--779},
  title   = {Exploratory {D}ata {A}nalysis for {C}omplex {M}odels},
  volume  = {13},
  year    = {2004}
}

@Article{gelman:2004a,
  author  = {Gelman, A.},
  journal = {Journal of Computational and Graphical Statistics},
  keywords= {inference},
  number  = {4},
  pages   = {785--787},
  title   = {Exploratory {D}ata {A}nalysis for {C}omplex {M}odels: {R}ejoinder},
  volume  = {13},
  year    = {2004}
}

@book{kutner:2005,
	Author = {Kutner, M. and Nachtsheim, C. and Neter, J. and Li, W.},
	Title = {Applied Linear Statistical Models},
	Publisher = {McGraw-Hill/Irwin},
	address = {New York},
	Year = {2005}}

@book{casella:2002,
	Author = {Casella, G. and Berger, R.},
	Title = {Statistical Inference},
	Publisher = {Duxbury},
	address = {California},
	Year = {2002}}	

@book{lehman:1997,
	Author = {Lehmann, E.~L.},
	Title = {Testing Statistical Hypotheses},
	Publisher = {Springer},
	address = {New York},
	Year = {1997}}	
	
@book{moore:2009,
	Author = {Moore, D. and McCabe, G. and Duckworth, W. and Alwan, L.},
	Title = {The Practice of Business Statistics},
	Publisher = {W. H. Freeman and Company},
	address = {New York},
	Year = {2009}}	
	
@article{majumder:2011,
  author={Majumder, M. and Hofmann, H. and Cook, D.},
  title={{V}alidation of {V}isual {S}tatistical {I}nference, {A}pplied to {L}inear {M}odels},
  journal = {Journal of American Statistical Association},
  volume = {108}, number=503, pages={942--956},
  year = {2013}
}    
    
@ARTICLE{lee:2009,Author="Lee, E.-K. and Cook, D.",Year=2009,
  Title="A {P}rojection {P}ursuit {I}ndex for {L}arge $p$
{S}mall $n$ {D}ata", Journal="Statistics and Computing", Pages={{\url{http://www.springerlink.com/content/g47n0n342761838m/?p=d2ff5a7b69eb45ef8abf7ef3aba69557&pi=3}}}}

@article{hadley:2010, author = "Wickham, H. and Cook, D.
  and Hofmann, H. and Buja, A.", title = {{G}raphical {I}nference for {I}nfovis}, journal = "IEEE Transactions on Visualization and Computer Graphics", volume = 16, year = 2010 }
  
  
  @Article{marron:2007,
  author  = {Marron, J. S. and Todd, M. J. and Ahn, J.},
  title   = {{D}istance {W}eighted {D}iscrimination},
  journal = {Journal of American Statistical Association},
  pages   = {1267--1271},
  volume  = {480},
  year    = {2007}
}


  @Article{yata:2010,
  author  = {Yata, K. and Aoshima, M.},
  title   = {{E}ffective {P}{C}{A} for {H}igh {D}imension, {L}ow {S}ample {S}ize {D}ata with {N}oise {R}eduction via {G}eometric {R}epresentations},
  journal = {Journal of Multivariate Analysis},
  pages   = {193--215},
  volume  = {105},
  year    = {2011}
}

  @Article{marron:2011,
  author  = {Jung, S. and Sen, A. and Marron, J. S. },
  title   = {{B}oundary {B}ehavior in {H}igh {D}imension, {L}ow {S}ample {S}ize asymptotics of {P}CA},
  journal = {Journal of Multivariate Analysis},
  pages   = {190--203},
  volume  = {109},
  year    = {2012}
}

  @Article{donoho:2009,
  author  = {Donoho, D. and Jin, J. },
  title   = {{F}eature {S}election by {H}igher {C}riticism {T}hresholding achieves the {O}ptimal {P}hase {D}iagram},
  journal = {Philosophical Transactions of the Royal Society A},
  pages   = {4449--4470},
  volume  = {367},
  year    = {2009}
}

  @Article{donoho:2008,
  author  = {Donoho, D. and Jin, J. },
  title   = {{H}igher {C}riticism {T}hresholding: {O}ptimal {F}eature {S}election when {U}seful {F}eatures are {R}are and {W}eak},
  journal = {Proceedings of the National Academy of Sciences of the United States of America},
  pages   = {14790--14795},
  volume  = {105},
  year    = {2008}
}


@Article{toth:2010,
author = {Toth, A. and Varala, K. and Henshaw, M. and Rodriguez-Zas, S. and Hudson, M. and Robinson, G.},
title = {{B}rain {T}ranscriptomic {A}nalysis in {P}aper {W}asps {I}dentifies {G}enes {A}ssociated with {B}ehaviour across {S}ocial {I}nsect {L}ineages},
journal = {Proceedings of the Royal Society of Biological Sciences - B},
pages = {2139 - 2148},
volume = {277},
year = {2010}
}


@Article{dudoit:2002,
author = {Dudoit, S. and Fridlyand, J. and Speed, T.},
title = {{C}omparison of {D}iscrimination {M}ethods for the {Classification} of {T}umors {U}sing {G}ene {E}xpression {D}ata},
journal = {Journal of American Statistical Association},
pages = {77 - 87},
volume = {97:457},
year = {2002}
}

@Article{hall:2005,
author = {Hall, P. and Marron, J.S. and Neeman, A.},
title = {{G}eometric {R}epresentation of {H}igh {D}imension, {L}ow {S}ample {S}ize {D}ata},
journal = {Journal of Royal Statistical Society B},
pages = {427 - 444},
volume = {67},
year = {2005}
}


@Article{friedman:1974,
author = {Friedman, J. H. and Tukey, J. W. },
title = {{A} {P}rojection {P}ursuit {A}lgorithm for {E}xploratory {D}ata {A}nalysis},
journal = {IEEE Transactions on Computers},
pages = {881 - 890},
volume = {c-23},
year = {1974}
}

@Article{huber:1985,
author = {Huber, P. J. },
title = {{P}rojection {P}ursuit },
journal = {The Annals of Statistics},
pages = {435 - 475},
volume = {13},
year = {1985}
}


@techreport{roychowdhury:2012,
  author={Roy Chowdhury, N. and Cook, D.  and Hofmann, H. and Majumder, M. },
  title={{W}here's {W}aldo: {L}ooking {C}losely at a {L}ineup},
  number=2,
  year=2012,
  institution={Iowa State University, Department of Statistics}
} 

@book{ripley:1996,
author = {Ripley, B. D.},
title = {{P}attern {R}ecognition and {N}eural {N}etworks},
Publisher = {Cambridge University Press},
	Year = {1996}}	


@Article{hennig:2010,
author = {Hennig, C. },
title = {fpc : {F}lexible {P}rocedures for {C}lustering},
journal = {R package version 2},
year = {2010}
}

@Article{toth:2007,
author = {Toth, A. and Varala, K. and Newman, T. and Miguez, F. and Hutchison, S. and Willoughby, D. and Simons, J. and Egholm, M. and Hunt, J. and Hudson, M. and Robinson, G.},
title = {{W}asp {G}ene {E}xpression {S}upports an {E}volutionary {L}ink between {M}aternal {B}ehavior and {E}usociality},
journal = {Science},
pages = {441 - 444},
volume = {318},
year = {2007}
}


@Article{witten:2011,
author = {Witten, D. and Tibshirani, R.},
title = {{P}enalized {C}lassification using {F}isher's {L}inear {D}iscriminant},
journal = {Journal of the Royal Statistical Society, Series B (Statistical Methodology)},
pages = {753 - 772},
volume = {73(5)},
year = {2011}
}


@Article{cleveland:1984,
  author  = {Cleveland, W. and McGill, R.},
  title   = {{G}raphical {P}erception: {T}heory, {E}xperimentation and {A}pplication to
            the {D}evelopment of {G}raphical {M}ethods.},
  journal = {Journal of the American Statistical Association},
  keywords= {perception},
  number  = 387,
  pages   = {531-554},
  volume  = 79,
  year    = 1984
}

@Book{hald:2004,
  author  = {Hald, A.},
  title   = {{A} {H}istory of {P}arametric {S}tatistical {I}nference from {B}ernoulli to {F}isher, 1713 to 1935},
  address = {DK-2100 Copenhagen},
  publisher={ISBN 87-7834-628-2},
  year    = 2004
}

@Book{daniel:1976,
  author  = {Daniel, C.},
  title   = {{A}pplications of {S}tatistics to {I}ndustrial {E}xperimentation},
  address = {Hoboken, NJ},
  publisher={Wiley-Interscience},
  year    = 1976
}

@Book{davison:1997,
  author  = {Davison, A.~C. and Hinkley, D.~V.},
  title   = {{B}ootstrap {M}ethods and their {A}pplications},
  address = {Cambridge, UK},
  publisher={Cambridge University Press},
  year    = 1997
}

@InCollection{diaconis:1983a,
  author  = {Diaconis, P.},
  title   = {{T}heories of {D}ata {A}nalysis: {F}rom {M}agical {T}hinking {T}hrough
            {C}lassical {S}tatistics},
  address = {New York},
  booktitle={Exploring Data Tables, Trends and Shapes},
  editor  = {Hoaglin, D. and Mosteller, F. and Tukey, J.},
  pages   = {1--36},
  publisher={Wiley},
  year    = 1983
}

@Article{ham:2009,
  author  = {van Ham, F. and Wattenberg, M. and Viegas, F.},
  title   = {{M}apping {T}ext with {P}hrase {N}ets},
  address = {Los Alamitos, CA, USA},
  doi     = {http://doi.ieeecomputersociety.org/10.1109/TVCG.2009.165},
  issn    = {1077-2626},
  journal = {IEEE Transactions on Visualization and Computer Graphics},
  pages   = {1169-1176},
  publisher={IEEE Computer Society},
  volume  = {15},
  year    = {2009}
}

@misc{healey:2009,
  author  = {Healey, C.},
  title   = {{P}erception in {V}isualisation},
  lastchecked={May 11, 2009},
  url     = {http://www.csc.ncsu.edu/faculty/healey/PP/ index.html},
  year    = {2009}
}

@Article{langsrud:2005,
  author  = {Langsrud, {\O}.},
  title   = {{R}otation {T}ests},
  address = {Hingham, MA, USA},
  issn    = {0960-3174},
  journal = {Statistics and Computing},
  number  = {1},
  pages   = {53--60},
  publisher={Kluwer Academic Publishers},
  volume  = {15},
  year    = {2005}
}

@Manual{r,
  author  = {{R Development Core Team}},
  title   = {{R}: {A} {L}anguage and {E}nvironment for {S}tatistical {C}omputing},
  address = {Vienna, Austria},
  keywords= {no-electronic, software/r},
  note    = {{ISBN} 3-900051-07-0},
  organization={R Foundation for Statistical Computing},
  url     = {http://www.R-project.org},
  year    = {2009}
}

@Article{scott:1954,
  author  = {Scott, E. L. and Shane, C. D. and Swanson, M. D.},
  title   = {{C}omparison of the {S}ynthetic and {A}ctual {D}istribution of {G}alaxies
            on a {P}hotographic {P}late},
  journal = {Astrophysical Journal},
  keywords= {inference},
  month   = jan,
  pages   = {91--112},
  volume  = 119,
  year    = 1954
}
@Book{wilkinson:1999,
  author  = {Wilkinson, L.},
  title   = {{T}he {G}rammar of {G}raphics},
  address = {New York},
  publisher={NY: Springer},
  year    = 1999
}

@Article{wilkinson:2009,
  author  = {Wilkinson, L. and Friendly, M.},
  title   = {{T}he {H}istory of the {C}luster {H}eat {M}ap},
  doi     = {10.1198/tas.2009.0033},
  journal = {The American Statistician},
  keywords= {heatmap},
  number  = {2},
  pages   = {179-184},
  volume  = {63},
  year    = {2009}
}

@Article{wolfe:2010,
  author  = {Wolfe, J. and Wert, M.},
  title   = {{V}arying {T}arget {P}revalence {R}eveals {T}wo {D}issociable {D}ecision
            {C}riteria in {V}isual {S}earch},
  journal = {Current Biology},
  number  = {2},
  pages   = {121--124},
  volume  = {20},
  year    = {2010}
}

@Article{pitman:1937a,
  author = {Pitman, E.~J.~G.},
  year = {1937},
  title = {{S}ignificance {T}ests Which May Be Applied To {S}amples From Any {P}opulations},
  journal = {The Journal of the Royal Statistical Society},
  volume = {4},
  pages = {119--130},
  notes = {Supplement to}
}

@book{Good05,Author="Good, P.",Year="2005",
  title={{P}ermutation, {P}arametric, and {B}ootstrap {T}ests of {H}ypotheses},
  Publisher="Springer",Address="New York"}

@article{Manyeyes:2007,
  Author={Vi{\`e}gas, F. and Wattenberg, M. and van Ham, F. and Kriss, J. and McKeon, M},
  Year=2007,
  Title={ManyEyes: A Site for Visualization at Internet Scale},
  url="http://manyeyes.alphaworks.ibm.com/manyeyes/",
  journal={Transactions on Visualization and Computer Graphics},
  volume={13},
  numer={6},
  pages={1121--1128}}

@Misc{friendly:2001,
  author  = "Friendly, M. and Denis, D. J.",
  title   = "Milestones in the history of thematic cartography, statistical graphics, and data visualization. (last Accessed: April 27, 2011)",
  year    = 2001,
  url     = "http://datavis.ca/milestones/"
}

@Misc{viegas:2008,
  author  = "Viègas, F. and Wattenberg, M.",
  title   = "Fleshmap Studies of Desire",
  year    = 2008,
  url     = "http://fernandaviegas.com/fleshmap.html"
}


@MISC{WC08,Author="Wickham, H. and Cook, D.",Year=2010, Title="{\tt tourr}:
{I}mplements {T}our {M}ethods in {P}ure {R} {C}ode", HowPublished="{\tt
http://www.R-project.org}"}

@article{tourr:2011, 
author = {Wickham, H. and Cook, D. and Hofmann, H. 
and Buja, A.},
title = {tourr: {A}n {R} {P}ackage for {E}xploring {M}ultivariate {D}ata with {P}rojections},
 journal = {Journal of Statistical Software}, 
 year = {2011}, 
 volume = {40}}

@article{STLBC03, author = "Swayne, D. and Temple Lang, D.
  and Buja, A. and Cook, D.", title = "{GG}obi: {E}volving from
  {XG}obi into an {E}xtensible {F}ramework for {I}nteractive {D}ata
  {V}isualization", journal = "Computational Statistics \& Data
  Analysis", volume = 43, year = 2003, pages = "423--444", 
  Note={See also {\tt http://www.ggobi.org}} }

@inproceedings{SCB91, author = "Swayne, D. and Cook, D. and
    Buja, A.", title = "{XG}obi: {I}nteractive {D}ynamic
    {G}raphics in the {X} {W}indow {S}ystem with a {L}ink to {S}",
    booktitle = "American Statistical Association 1991 Proceedings of
    the Section on Statistical Graphics", pages = "1--8", publisher =
    "American Statistical Association", address = "Alexandria, VA",
    year = 1992 }

@BOOK{JW02,Author="Johnson, R. A. and Wichern, D. W.",Year=2002,
Title= "Applied Multivariate Statistical Analysis (5th ed)",
Publisher="Prentice-Hall", Address="Englewood Cliffs, NJ"}

@book{kutner:2005,
	Author = {Kutner, M. and Nachtsheim, C. and Neter, J. and Li, W.},
	Title = {Applied Linear Statistical Models},
	Publisher = {McGraw-Hill/Irwin},
	address = {New York},
	Year = {2005}}

@book{casella:2002,
	Author = {Casella, G. and Berger, R.},
	Title = {Statistical Inference},
	Publisher = {Duxbury},
	address = {California},
	Year = {2002}}	

@book{lehman:1997,
	Author = {Lehmann, E.~L.},
	Title = {Testing Statistical Hypotheses},
	Publisher = {Springer},
	address = {New York},
	Year = {1997}}	
	
@book{moore:2009,
	Author = {Moore, D. and McCabe, G. and Duckworth, W. and Alwan, L.},
	Title = {The Practice of Business Statistics},
	Publisher = {W. H. Freeman and Company},
	address = {New York},
	Year = {2009}}	
	
@ARTICLE{lee:2009,Author="Lee, E.-K. and Cook, D.",Year=2009,
  Title="A {P}rojection {P}ursuit {I}ndex for {L}arge $p$
{S}mall $n$ {D}ata", Journal="Statistics and Computing", 
Pages={{\url{http://www.springerlink.com/content/g47n0n342761838m/?p=d2ff5a7b69eb45ef8abf7ef3aba69557&pi=3}}}}

@article{hadley:2010, author = "Wickham, H. and Cook, D.
  and Hofmann, H. and Buja, A.", title = {{G}raphical {I}nference for {I}nfovis}, journal = "IEEE Transactions on Visualization and Computer Graphics", volume = 16, year = 2010 }
  
  
  @Article{marron:2007,
  author  = {Marron, J. S. and Todd, M. J. and Ahn, J.},
  title   = {{D}istance {W}eighted {D}iscrimination},
  journal = {Journal of American Statistical Association},
  pages   = {1267--1271},
  volume  = {480},
  year    = {2007}
}


  @Article{yata:2010,
  author  = {Yata, K. and Aoshima, M.},
  title   = {{E}ffective {P}{C}{A} for {H}igh {D}imension, {L}ow {S}ample {S}ize {D}ata with {N}oise {R}eduction via {G}eometric {R}epresentations},
  journal = {Journal of Multivariate Analysis},
  pages   = {193--215},
  volume  = {105},
  year    = {2011}
}

  @Article{marron:2011,
  author  = {Jung, S. and Sen, A. and Marron, J. S. },
  title   = {{B}oundary {B}ehavior in {H}igh {D}imension, {L}ow {S}ample {S}ize asymptotics of {P}CA},
  journal = {Journal of Multivariate Analysis},
  pages   = {190--203},
  volume  = {109},
  year    = {2012}
}

  @Article{donoho:2009,
  author  = {Donoho, D. and Jin, J. },
  title   = {{F}eature {S}election by {H}igher {C}riticism {T}hresholding achieves the {O}ptimal {P}hase {D}iagram},
  journal = {Philosophical Transactions of the Royal Society A},
  pages   = {4449--4470},
  volume  = {367},
  year    = {2009}
}

  @Article{donoho:2008,
  author  = {Donoho, D. and Jin, J. },
  title   = {{H}igher {C}riticism {T}hresholding: {O}ptimal {F}eature {S}election when {U}seful {F}eatures are {R}are and {W}eak},
  journal = {Proceedings of the National Academy of Sciences of the United States of America},
  pages   = {14790--14795},
  volume  = {105},
  year    = {2008}
}


@Article{toth:2010,
author = {Toth, A. and Varala, K. and Henshaw, M. and Rodriguez-Zas, S. and Hudson, M. and Robinson, G.},
title = {{B}rain {T}ranscriptomic {A}nalysis in {P}aper {W}asps {I}dentifies {G}enes {A}ssociated with {B}ehaviour across {S}ocial {I}nsect {L}ineages},
journal = {Proceedings of the Royal Society of Biological Sciences - B},
pages = {2139 - 2148},
volume = {277},
year = {2010}
}


@Article{dudoit:2002,
author = {Dudoit, S. and Fridlyand, J. and Speed, T.},
title = {{C}omparison of {D}iscrimination {M}ethods for the {Classification} of {T}umors {U}sing {G}ene {E}xpression {D}ata},
journal = {Journal of American Statistical Association},
pages = {77 - 87},
volume = {97:457},
year = {2002}
}

@Article{hall:2005,
author = {Hall, P. and Marron, J.S. and Neeman, A.},
title = {{G}eometric {R}epresentation of {H}igh {D}imension, {L}ow {S}ample {S}ize {D}ata},
journal = {Journal of Royal Statistical Society B},
pages = {427 - 444},
volume = {67},
year = {2005}
}


@Article{friedman:1974,
author = {Friedman, J. H. and Tukey, J. W. },
title = {{A} {P}rojection {P}ursuit {A}lgorithm for {E}xploratory {D}ata {A}nalysis},
journal = {IEEE Transactions on Computers},
pages = {881 - 890},
volume = {c-23},
year = {1974}
}

@Article{huber:1985,
author = {Huber, P. J. },
title = {{P}rojection {P}ursuit },
journal = {The Annals of Statistics},
pages = {435 - 475},
volume = {13},
year = {1985}
}

@book{tukey:1977,Author="Tukey, J.~W.", 
title={Exploratory Data Analysis}, 
publisher={Addison-Wesley Publishing Company}, 
address={Reading, MA}, 
year=1977}

@techreport{roychowdhury:2012,
  author={Roy Chowdhury, N. and Cook, D.  and Hofmann, H. and Majumder, M. },
  title={{W}here's {W}aldo: {L}ooking {C}losely at a {L}ineup},
  number=2,
  year=2012,
  institution={Iowa State University, Department of Statistics}
} 

@book{ripley:1996,
author = {Ripley, B. D.},
title = {{P}attern {R}ecognition and {N}eural {N}etworks},
Publisher = {Cambridge University Press},
	Year = {1996}}	


@Article{hennig:2010,
author = {Hennig, C. },
title = {fpc : {F}lexible {P}rocedures for {C}lustering},
journal = {R package version 2},
year = {2010}
}

@Article{toth:2007,
author = {Toth, A. and Varala, K. and Newman, T. and Miguez, F. and Hutchison, S. and Willoughby, D. and Simons, J. and Egholm, M. and Hunt, J. and Hudson, M. and Robinson, G.},
title = {{W}asp {G}ene {E}xpression {S}upports an {E}volutionary {L}ink between {M}aternal {B}ehavior and {E}usociality},
journal = {Science},
pages = {441 - 444},
volume = {318},
year = {2007}
}


@Article{witten:2011,
author = {Witten, D. and Tibshirani, R.},
title = {{P}enalized {C}lassification using {F}isher's {L}inear {D}iscriminant},
journal = {Journal of the Royal Statistical Society, Series B (Statistical Methodology)},
pages = {753 - 772},
volume = {73(5)},
year = {2011}
}

@Article{zhao:2012,
author = {Zhao, Y. and Cook, D. and Hofmann, H. and Majumder, M. and Roy Chowdhury, N.},
title = {{M}ind {R}eading {U}sing an {E}yetracker to {S}ee {H}ow {P}eople {A}re {L}ooking at {L}ineups},
journal = {The American Statistician: Submitted},
year = {2012}
}

@Article{roychowdhury:2013,
author = { Roy Chowdhury, N. and Cook, D. and Hofmann, H. and Majumder, M. and Lee, E. and Toth, Amy},
title = {{V}isual {S}tatistical {I}nference for {H}igh {D}imension, {S}mall {S}ample {S}ize {D}ata},
journal = {Computational Statistics: Submitted},
year = {2013}
}

@Article{anscombe:1972,
  author  = {Anscombe, A. J.},
  title   = {{G}raphs in {S}tatistical {A}nalysis },
  journal = {The American Statistician},
  pages   = {17-21},
  volume  = {27:1},
  year    = {1972}
}

@inproceedings{wilkinson2005graph,
  title={Graph-Theoretic Scagnostics.},
  author={Wilkinson, Leland and Anand, Anushka and Grossman, Robert L},
  booktitle={INFOVIS},
  volume={5},
  pages={21},
  year={2005}
}

@Article{huttenlocher:1993,
  author  = {Huttenlocher, D.P. and Klanderman, G.A. and Rucklidge, W. J.},
  title   = {{C}omparing {I}mages {U}sing the {Hausdorff} {D}istance },
  journal = {IEEE Transactions on Pattern Analysis and Machine Intelligence},
  volume  = {15:9},
  year    = {1993}
}

@Article{kirk:1996,
  author  = {Kirk, R. E.},
  title   = {{P}ractical significance: {A} concept whose time has come} ,
  journal = {Educational and psychological measurement},
  volume  = {56.5},
  pages = {746 - 759},
  year    = {1996}
}